{"symbol":"GOOGL","annualReports":[{"netInterestIncome":"-346000000","sellingGeneralAndAdministrative":"36422000000","interestIncome":"1499000000","interestAndDebtExpense":"346000000","interestExpense":"346000000","depreciationAndAmortization":"12441000000","comprehensiveIncomeNetOfTax":"73777000000","researchAndDevelopment":"31562000000","otherNonOperatingIncome":"411000000","totalRevenue":"257637000000","grossProfit":"146698000000","depreciation":"None","operatingIncome":"78714000000","nonInterestIncome":"1087000000","ebit":"91080000000","operatingExpenses":"67984000000","costOfRevenue":"110939000000","ebitda":"103521000000","investmentIncomeNet":"None","fiscalDateEnding":"2021-12-31","costofGoodsAndServicesSold":"110939000000","incomeBeforeTax":"90734000000","reportedCurrency":"USD","incomeTaxExpense":"14701000000","netIncome":"76033000000","netIncomeFromContinuingOperations":"76033000000"},{"netInterestIncome":"-135000000","sellingGeneralAndAdministrative":"28998000000","interestIncome":"1865000000","interestAndDebtExpense":"135000000","interestExpense":"135000000","depreciationAndAmortization":"13697000000","comprehensiveIncomeNetOfTax":"42134000000","researchAndDevelopment":"27573000000","otherNonOperatingIncome":"-637000000","totalRevenue":"182527000000","grossProfit":"97795000000","depreciation":"None","operatingIncome":"41224000000","nonInterestIncome":"994000000","ebit":"48217000000","operatingExpenses":"56571000000","costOfRevenue":"84732000000","ebitda":"61914000000","investmentIncomeNet":"None","fiscalDateEnding":"2020-12-31","costofGoodsAndServicesSold":"84732000000","incomeBeforeTax":"48082000000","reportedCurrency":"USD","incomeTaxExpense":"7813000000","netIncome":"40269000000","netIncomeFromContinuingOperations":"40269000000"},{"netInterestIncome":"-100000000","sellingGeneralAndAdministrative":"28015000000","interestIncome":"2427000000","interestAndDebtExpense":"100000000","interestExpense":"100000000","depreciationAndAmortization":"11781000000","comprehensiveIncomeNetOfTax":"35447000000","researchAndDevelopment":"26018000000","otherNonOperatingIncome":"102000000","totalRevenue":"161857000000","grossProfit":"89961000000","depreciation":"None","operatingIncome":"34231000000","nonInterestIncome":"162263000000","ebit":"39725000000","operatingExpenses":"54033000000","costOfRevenue":"71896000000","ebitda":"51506000000","investmentIncomeNet":"None","fiscalDateEnding":"2019-12-31","costofGoodsAndServicesSold":"71896000000","incomeBeforeTax":"39625000000","reportedCurrency":"USD","incomeTaxExpense":"5282000000","netIncome":"34343000000","netIncomeFromContinuingOperations":"34343000000"},{"netInterestIncome":"-114000000","sellingGeneralAndAdministrative":"24459000000","interestIncome":"1878000000","interestAndDebtExpense":"114000000","interestExpense":"114000000","depreciationAndAmortization":"9035000000","comprehensiveIncomeNetOfTax":"29520000000","researchAndDevelopment":"21419000000","otherNonOperatingIncome":"378000000","totalRevenue":"136819000000","grossProfit":"77270000000","depreciation":"None","operatingIncome":"27524000000","nonInterestIncome":"139387000000","ebit":"35027000000","operatingExpenses":"45878000000","costOfRevenue":"59549000000","ebitda":"44062000000","investmentIncomeNet":"None","fiscalDateEnding":"2018-12-31","costofGoodsAndServicesSold":"59549000000","incomeBeforeTax":"34913000000","reportedCurrency":"USD","incomeTaxExpense":"4177000000","netIncome":"30736000000","netIncomeFromContinuingOperations":"30736000000"},{"netInterestIncome":"-109000000","sellingGeneralAndAdministrative":"19765000000","interestIncome":"1312000000","interestAndDebtExpense":"109000000","interestExpense":"109000000","depreciationAndAmortization":"6915000000","comprehensiveIncomeNetOfTax":"14072000000","researchAndDevelopment":"16625000000","otherNonOperatingIncome":"158000000","totalRevenue":"110855000000","grossProfit":"65272000000","depreciation":"None","operatingIncome":"26178000000","nonInterestIncome":"-121000000","ebit":"27302000000","operatingExpenses":"36390000000","costOfRevenue":"45583000000","ebitda":"24393000000","investmentIncomeNet":"None","fiscalDateEnding":"2017-12-31","costofGoodsAndServicesSold":"45583000000","incomeBeforeTax":"27193000000","reportedCurrency":"USD","incomeTaxExpense":"14531000000","netIncome":"12662000000","netIncomeFromContinuingOperations":"12506000000"}],"quarterlyReports":[{"netInterestIncome":"-117000000","sellingGeneralAndAdministrative":"11744000000","interestIncome":"378000000","interestAndDebtExpense":"117000000","interestExpense":"117000000","depreciationAndAmortization":"3439000000","comprehensiveIncomeNetOfTax":"19427000000","researchAndDevelopment":"8708000000","otherNonOperatingIncome":"120000000","totalRevenue":"75140000000","grossProfit":"42152000000","depreciation":"None","operatingIncome":"21885000000","nonInterestIncome":"-181639000000","ebit":"24519000000","operatingExpenses":"20452000000","costOfRevenue":"32988000000","ebitda":"27958000000","investmentIncomeNet":"None","fiscalDateEnding":"2021-12-31","costofGoodsAndServicesSold":"32988000000","incomeBeforeTax":"24402000000","reportedCurrency":"USD","incomeTaxExpense":"3760000000","netIncome":"20642000000","netIncomeFromContinuingOperations":"20642000000"},{"netInterestIncome":"-77000000","sellingGeneralAndAdministrative":"8772000000","interestIncome":"387000000","interestAndDebtExpense":"77000000","interestExpense":"77000000","depreciationAndAmortization":"3304000000","comprehensiveIncomeNetOfTax":"18338000000","researchAndDevelopment":"7694000000","otherNonOperatingIncome":"8000000","totalRevenue":"64928000000","grossProfit":"37307000000","depreciation":"None","operatingIncome":"21031000000","nonInterestIncome":"65005000000","ebit":"23141000000","operatingExpenses":"16466000000","costOfRevenue":"27621000000","ebitda":"26445000000","investmentIncomeNet":"None","fiscalDateEnding":"2021-09-30","costofGoodsAndServicesSold":"27621000000","incomeBeforeTax":"23064000000","reportedCurrency":"USD","incomeTaxExpense":"4128000000","netIncome":"18936000000","netIncomeFromContinuingOperations":"18936000000"},{"netInterestIncome":"-76000000","sellingGeneralAndAdministrative":"8617000000","interestIncome":"389000000","interestAndDebtExpense":"76000000","interestExpense":"76000000","depreciationAndAmortization":"2945000000","comprehensiveIncomeNetOfTax":"18718000000","researchAndDevelopment":"7675000000","otherNonOperatingIncome":"-90000000","totalRevenue":"61880000000","grossProfit":"35653000000","depreciation":"None","operatingIncome":"19361000000","nonInterestIncome":"61960000000","ebit":"22061000000","operatingExpenses":"16292000000","costOfRevenue":"26227000000","ebitda":"25006000000","investmentIncomeNet":"None","fiscalDateEnding":"2021-06-30","costofGoodsAndServicesSold":"26227000000","incomeBeforeTax":"21985000000","reportedCurrency":"USD","incomeTaxExpense":"3460000000","netIncome":"18525000000","netIncomeFromContinuingOperations":"18525000000"},{"netInterestIncome":"-76000000","sellingGeneralAndAdministrative":"7289000000","interestIncome":"345000000","interestAndDebtExpense":"76000000","interestExpense":"76000000","depreciationAndAmortization":"2753000000","comprehensiveIncomeNetOfTax":"17294000000","researchAndDevelopment":"7485000000","otherNonOperatingIncome":"373000000","totalRevenue":"55314000000","grossProfit":"31211000000","depreciation":"None","operatingIncome":"16437000000","nonInterestIncome":"55519000000","ebit":"21359000000","operatingExpenses":"14774000000","costOfRevenue":"24103000000","ebitda":"24112000000","investmentIncomeNet":"None","fiscalDateEnding":"2021-03-31","costofGoodsAndServicesSold":"24103000000","incomeBeforeTax":"21283000000","reportedCurrency":"USD","incomeTaxExpense":"3353000000","netIncome":"17930000000","netIncomeFromContinuingOperations":"17930000000"},{"netInterestIncome":"-53000000","sellingGeneralAndAdministrative":"8145000000","interestIncome":"386000000","interestAndDebtExpense":"53000000","interestExpense":"53000000","depreciationAndAmortization":"3725000000","comprehensiveIncomeNetOfTax":"15814000000","researchAndDevelopment":"7022000000","otherNonOperatingIncome":"-420000000","totalRevenue":"56118000000","grossProfit":"30038000000","depreciation":"None","operatingIncome":"15651000000","nonInterestIncome":"-125497000000","ebit":"18742000000","operatingExpenses":"15167000000","costOfRevenue":"26080000000","ebitda":"22467000000","investmentIncomeNet":"None","fiscalDateEnding":"2020-12-31","costofGoodsAndServicesSold":"26080000000","incomeBeforeTax":"18689000000","reportedCurrency":"USD","incomeTaxExpense":"3462000000","netIncome":"15227000000","netIncomeFromContinuingOperations":"15227000000"},{"netInterestIncome":"-48000000","sellingGeneralAndAdministrative":"6987000000","interestIncome":"460000000","interestAndDebtExpense":"48000000","interestExpense":"48000000","depreciationAndAmortization":"3478000000","comprehensiveIncomeNetOfTax":"11589000000","researchAndDevelopment":"6856000000","otherNonOperatingIncome":"-88000000","totalRevenue":"46130000000","grossProfit":"25013000000","depreciation":"None","operatingIncome":"11213000000","nonInterestIncome":"46178000000","ebit":"13407000000","operatingExpenses":"13843000000","costOfRevenue":"21117000000","ebitda":"16885000000","investmentIncomeNet":"None","fiscalDateEnding":"2020-09-30","costofGoodsAndServicesSold":"21117000000","incomeBeforeTax":"13359000000","reportedCurrency":"USD","incomeTaxExpense":"2112000000","netIncome":"11247000000","netIncomeFromContinuingOperations":"11247000000"},{"netInterestIncome":"-13000000","sellingGeneralAndAdministrative":"6486000000","interestIncome":"433000000","interestAndDebtExpense":"13000000","interestExpense":"13000000","depreciationAndAmortization":"3386000000","comprehensiveIncomeNetOfTax":"7760000000","researchAndDevelopment":"6875000000","otherNonOperatingIncome":"-147000000","totalRevenue":"38297000000","grossProfit":"19744000000","depreciation":"None","operatingIncome":"6383000000","nonInterestIncome":"38761000000","ebit":"8290000000","operatingExpenses":"13361000000","costOfRevenue":"18553000000","ebitda":"11676000000","investmentIncomeNet":"None","fiscalDateEnding":"2020-06-30","costofGoodsAndServicesSold":"18553000000","incomeBeforeTax":"8277000000","reportedCurrency":"USD","incomeTaxExpense":"1318000000","netIncome":"6959000000","netIncomeFromContinuingOperations":"6959000000"},{"netInterestIncome":"-21000000","sellingGeneralAndAdministrative":"7380000000","interestIncome":"586000000","interestAndDebtExpense":"21000000","interestExpense":"21000000","depreciationAndAmortization":"3108000000","comprehensiveIncomeNetOfTax":"6971000000","researchAndDevelopment":"6820000000","otherNonOperatingIncome":"18000000","totalRevenue":"41159000000","grossProfit":"22177000000","depreciation":"None","operatingIncome":"7977000000","nonInterestIncome":"41310000000","ebit":"7778000000","operatingExpenses":"14200000000","costOfRevenue":"18982000000","ebitda":"10886000000","investmentIncomeNet":"None","fiscalDateEnding":"2020-03-31","costofGoodsAndServicesSold":"18982000000","incomeBeforeTax":"7757000000","reportedCurrency":"USD","incomeTaxExpense":"921000000","netIncome":"6836000000","netIncomeFromContinuingOperations":"6836000000"},{"netInterestIncome":"-17000000","sellingGeneralAndAdministrative":"8567000000","interestIncome":"621000000","interestAndDebtExpense":"17000000","interestExpense":"17000000","depreciationAndAmortization":"3413000000","comprehensiveIncomeNetOfTax":"10635000000","researchAndDevelopment":"7222000000","otherNonOperatingIncome":"-72000000","totalRevenue":"45569000000","grossProfit":"24855000000","depreciation":"None","operatingIncome":"9266000000","nonInterestIncome":"45892000000","ebit":"10721000000","operatingExpenses":"15789000000","costOfRevenue":"21020000000","ebitda":"14134000000","investmentIncomeNet":"None","fiscalDateEnding":"2019-12-31","costofGoodsAndServicesSold":"21020000000","incomeBeforeTax":"10704000000","reportedCurrency":"USD","incomeTaxExpense":"33000000","netIncome":"10671000000","netIncomeFromContinuingOperations":"10671000000"},{"netInterestIncome":"-23000000","sellingGeneralAndAdministrative":"7200000000","interestIncome":"631000000","interestAndDebtExpense":"23000000","interestExpense":"23000000","depreciationAndAmortization":"2920000000","comprehensiveIncomeNetOfTax":"6963000000","researchAndDevelopment":"6554000000","otherNonOperatingIncome":"68000000","totalRevenue":"40503000000","grossProfit":"22935000000","depreciation":"None","operatingIncome":"9177000000","nonInterestIncome":"40526000000","ebit":"8651000000","operatingExpenses":"13754000000","costOfRevenue":"17568000000","ebitda":"11571000000","investmentIncomeNet":"None","fiscalDateEnding":"2019-09-30","costofGoodsAndServicesSold":"17568000000","incomeBeforeTax":"8628000000","reportedCurrency":"USD","incomeTaxExpense":"1560000000","netIncome":"7068000000","netIncomeFromContinuingOperations":"7068000000"},{"netInterestIncome":"-25000000","sellingGeneralAndAdministrative":"6255000000","interestIncome":"653000000","interestAndDebtExpense":"25000000","interestExpense":"25000000","depreciationAndAmortization":"2835000000","comprehensiveIncomeNetOfTax":"10636000000","researchAndDevelopment":"6213000000","otherNonOperatingIncome":"53000000","totalRevenue":"39045000000","grossProfit":"21749000000","depreciation":"None","operatingIncome":"9180000000","nonInterestIncome":"39070000000","ebit":"12172000000","operatingExpenses":"12468000000","costOfRevenue":"17296000000","ebitda":"15007000000","investmentIncomeNet":"None","fiscalDateEnding":"2019-06-30","costofGoodsAndServicesSold":"17296000000","incomeBeforeTax":"12147000000","reportedCurrency":"USD","incomeTaxExpense":"2200000000","netIncome":"9947000000","netIncomeFromContinuingOperations":"9947000000"},{"netInterestIncome":"-35000000","sellingGeneralAndAdministrative":"5993000000","interestIncome":"1417000000","interestAndDebtExpense":"35000000","interestExpense":"35000000","depreciationAndAmortization":"2613000000","comprehensiveIncomeNetOfTax":"7213000000","researchAndDevelopment":"6029000000","otherNonOperatingIncome":"53000000","totalRevenue":"36339000000","grossProfit":"20327000000","depreciation":"None","operatingIncome":"6608000000","nonInterestIncome":"36453000000","ebit":"8181000000","operatingExpenses":"12022000000","costOfRevenue":"16012000000","ebitda":"10794000000","investmentIncomeNet":"None","fiscalDateEnding":"2019-03-31","costofGoodsAndServicesSold":"16012000000","incomeBeforeTax":"8146000000","reportedCurrency":"USD","incomeTaxExpense":"1489000000","netIncome":"6657000000","netIncomeFromContinuingOperations":"6657000000"},{"netInterestIncome":"-29000000","sellingGeneralAndAdministrative":"7121000000","interestIncome":"None","interestAndDebtExpense":"29000000","interestExpense":"29000000","depreciationAndAmortization":"2580000000","comprehensiveIncomeNetOfTax":"8318000000","researchAndDevelopment":"6034000000","otherNonOperatingIncome":"68000000","totalRevenue":"39276000000","grossProfit":"21358000000","depreciation":"None","operatingIncome":"8221000000","nonInterestIncome":"40666000000","ebit":"10101000000","operatingExpenses":"13155000000","costOfRevenue":"17918000000","ebitda":"12681000000","investmentIncomeNet":"None","fiscalDateEnding":"2018-12-31","costofGoodsAndServicesSold":"17918000000","incomeBeforeTax":"10072000000","reportedCurrency":"USD","incomeTaxExpense":"1124000000","netIncome":"8948000000","netIncomeFromContinuingOperations":"8948000000"},{"netInterestIncome":"-28000000","sellingGeneralAndAdministrative":"5917000000","interestIncome":"None","interestAndDebtExpense":"28000000","interestExpense":"28000000","depreciationAndAmortization":"2355000000","comprehensiveIncomeNetOfTax":"9041000000","researchAndDevelopment":"5232000000","otherNonOperatingIncome":"49000000","totalRevenue":"33740000000","grossProfit":"19459000000","depreciation":"None","operatingIncome":"8625000000","nonInterestIncome":"34059000000","ebit":"10111000000","operatingExpenses":"11149000000","costOfRevenue":"14281000000","ebitda":"12466000000","investmentIncomeNet":"None","fiscalDateEnding":"2018-09-30","costofGoodsAndServicesSold":"14281000000","incomeBeforeTax":"10083000000","reportedCurrency":"USD","incomeTaxExpense":"891000000","netIncome":"9192000000","netIncomeFromContinuingOperations":"9192000000"},{"netInterestIncome":"-27000000","sellingGeneralAndAdministrative":"5782000000","interestIncome":"None","interestAndDebtExpense":"27000000","interestExpense":"27000000","depreciationAndAmortization":"2114000000","comprehensiveIncomeNetOfTax":"2340000000","researchAndDevelopment":"5114000000","otherNonOperatingIncome":"49000000","totalRevenue":"32657000000","grossProfit":"18774000000","depreciation":"None","operatingIncome":"3045000000","nonInterestIncome":"33145000000","ebit":"4242000000","operatingExpenses":"10896000000","costOfRevenue":"13883000000","ebitda":"6356000000","investmentIncomeNet":"None","fiscalDateEnding":"2018-06-30","costofGoodsAndServicesSold":"13883000000","incomeBeforeTax":"4215000000","reportedCurrency":"USD","incomeTaxExpense":"1020000000","netIncome":"3195000000","netIncomeFromContinuingOperations":"3195000000"},{"netInterestIncome":"-30000000","sellingGeneralAndAdministrative":"5639000000","interestIncome":"None","interestAndDebtExpense":"30000000","interestExpense":"30000000","depreciationAndAmortization":"1986000000","comprehensiveIncomeNetOfTax":"9821000000","researchAndDevelopment":"5039000000","otherNonOperatingIncome":"212000000","totalRevenue":"31146000000","grossProfit":"17679000000","depreciation":"None","operatingIncome":"7633000000","nonInterestIncome":"31122000000","ebit":"10573000000","operatingExpenses":"10678000000","costOfRevenue":"13467000000","ebitda":"12559000000","investmentIncomeNet":"None","fiscalDateEnding":"2018-03-31","costofGoodsAndServicesSold":"13467000000","incomeBeforeTax":"10543000000","reportedCurrency":"USD","incomeTaxExpense":"1142000000","netIncome":"9401000000","netIncomeFromContinuingOperations":"9401000000"},{"netInterestIncome":"-36000000","sellingGeneralAndAdministrative":"6086000000","interestIncome":"None","interestAndDebtExpense":"36000000","interestExpense":"36000000","depreciationAndAmortization":"2026000000","comprehensiveIncomeNetOfTax":"-3266000000","researchAndDevelopment":"4306000000","otherNonOperatingIncome":"43000000","totalRevenue":"32323000000","grossProfit":"18056000000","depreciation":"None","operatingIncome":"7696000000","nonInterestIncome":"-20000000","ebit":"8054000000","operatingExpenses":"10392000000","costOfRevenue":"14267000000","ebitda":"256000000","investmentIncomeNet":"None","fiscalDateEnding":"2017-12-31","costofGoodsAndServicesSold":"14267000000","incomeBeforeTax":"8018000000","reportedCurrency":"USD","incomeTaxExpense":"11038000000","netIncome":"-3020000000","netIncomeFromContinuingOperations":"-3083000000"},{"netInterestIncome":"-27000000","sellingGeneralAndAdministrative":"4637000000","interestIncome":"None","interestAndDebtExpense":"27000000","interestExpense":"27000000","depreciationAndAmortization":"1761000000","comprehensiveIncomeNetOfTax":"7714000000","researchAndDevelopment":"4205000000","otherNonOperatingIncome":"47000000","totalRevenue":"27772000000","grossProfit":"16624000000","depreciation":"None","operatingIncome":"7782000000","nonInterestIncome":"-53000000","ebit":"8006000000","operatingExpenses":"8842000000","costOfRevenue":"11148000000","ebitda":"9767000000","investmentIncomeNet":"None","fiscalDateEnding":"2017-09-30","costofGoodsAndServicesSold":"11148000000","incomeBeforeTax":"7979000000","reportedCurrency":"USD","incomeTaxExpense":"1247000000","netIncome":"6732000000","netIncomeFromContinuingOperations":"6701000000"},{"netInterestIncome":"-21000000","sellingGeneralAndAdministrative":"4597000000","interestIncome":"None","interestAndDebtExpense":"21000000","interestExpense":"21000000","depreciationAndAmortization":"1625000000","comprehensiveIncomeNetOfTax":"3965000000","researchAndDevelopment":"4172000000","otherNonOperatingIncome":"34000000","totalRevenue":"26010000000","grossProfit":"15637000000","depreciation":"None","operatingIncome":"4132000000","nonInterestIncome":"-46000000","ebit":"4398000000","operatingExpenses":"8769000000","costOfRevenue":"10373000000","ebitda":"6023000000","investmentIncomeNet":"None","fiscalDateEnding":"2017-06-30","costofGoodsAndServicesSold":"10373000000","incomeBeforeTax":"4377000000","reportedCurrency":"USD","incomeTaxExpense":"853000000","netIncome":"3524000000","netIncomeFromContinuingOperations":"3511000000"},{"netInterestIncome":"-25000000","sellingGeneralAndAdministrative":"4445000000","interestIncome":"None","interestAndDebtExpense":"25000000","interestExpense":"25000000","depreciationAndAmortization":"1503000000","comprehensiveIncomeNetOfTax":"5659000000","researchAndDevelopment":"3942000000","otherNonOperatingIncome":"34000000","totalRevenue":"24750000000","grossProfit":"14955000000","depreciation":"None","operatingIncome":"6568000000","nonInterestIncome":"-2000000","ebit":"6844000000","operatingExpenses":"8387000000","costOfRevenue":"9795000000","ebitda":"8347000000","investmentIncomeNet":"None","fiscalDateEnding":"2017-03-31","costofGoodsAndServicesSold":"9795000000","incomeBeforeTax":"6819000000","reportedCurrency":"USD","incomeTaxExpense":"1393000000","netIncome":"5426000000","netIncomeFromContinuingOperations":"5377000000"}]}